
@Book{xie2015,
  title = {Dynamic Documents with {R} and knitr},
  author = {Yihui Xie},
  publisher = {Chapman and Hall/CRC},
  address = {Boca Raton, Florida},
  year = {2015},
  edition = {2nd},
  note = {ISBN 978-1498716963},
  url = {http://yihui.name/knitr/},
}

%% PSE

@book{morales2013integrating,
  title={Integrating renewables in electricity markets: operational problems},
  author={Morales, Juan M and Conejo, Antonio J and Madsen, Henrik and Pinson, Pierre and Zugno, Marco},
  volume={205},
  year={2013},
  publisher={Springer Science \& Business Media}
}

@book{kirschen2018fundamentals,
  title={Fundamentals of power system economics},
  author={Kirschen, Daniel S and Strbac, Goran},
  year={2018},
  publisher={John Wiley \& Sons}
}

@book{biggar2014economics,
  title={The economics of electricity markets},
  author={Biggar, Darryl R and Hesamzadeh, Mohammad Reza},
  year={2014},
  publisher={John Wiley \& Sons}
}

@book{morales2013integrating,
  title={Integrating renewables in electricity markets: operational problems},
  author={Morales, Juan M and Conejo, Antonio J and Madsen, Henrik and Pinson, Pierre and Zugno, Marco},
  volume={205},
  year={2013},
  publisher={Springer Science \& Business Media}
}

%% OR

@book{kochenderfer2015decision,
  title={Decision making under uncertainty: theory and application},
  author={Kochenderfer, Mykel J},
  year={2015},
  publisher={MIT press}
}

@article{mitridati2019design,
  title={Design and Game-Theoretic Analysis of Community-Based Market Mechanisms in Heat and Electricity Systems},
  author={Mitridati, Lesia and Kazempour, Jalal and Pinson, Pierre},
  journal={Omega},
  pages={102177},
  year={2019},
  publisher={Elsevier}
}

@book{conejo2010decision,
  title={Decision making under uncertainty in electricity markets},
  author={Conejo, Antonio J and Carri{\'o}n, Miguel and Morales, Juan M and others},
  volume={1},
  year={2010},
  publisher={Springer}
}

@book{morales2013integrating,
  title={Integrating renewables in electricity markets: operational problems},
  author={Morales, Juan M and Conejo, Antonio J and Madsen, Henrik and Pinson, Pierre and Zugno, Marco},
  volume={205},
  year={2013},
  publisher={Springer Science \& Business Media}
}

%% Decomposition Algorithms

@article{tebboth2001computational,
  title={A computational study of Dantzig-Wolfe decomposition},
  author={Tebboth, James Richard},
  journal={University of Buckingham},
  year={2001}
}

%% Stochastic Processes

@book{pinsky2010introduction,
  title={An introduction to stochastic modeling},
  author={Pinsky, Mark and Karlin, Samuel},
  year={2010},
  publisher={Academic press}
}

%% GTMD

@misc{wiki:cooperative,
  author = "{Wikipedia contributors}",
  title = "Cooperative game theory --- {Wikipedia}{,} The Free Encyclopedia",
  year = "2020",
  url = "https://en.wikipedia.org/w/index.php?title=Cooperative_game_theory&oldid=951244192",
  note = "[Online; accessed 3-May-2020]"
  }

%% Intermediation

@article{spulber1996market,
  title={Market microstructure and intermediation},
  author={Spulber, Daniel F},
  journal={Journal of Economic perspectives},
  volume={10},
  number={3},
  pages={135--152},
  year={1996}
}

@book{spulber1999market,
  title={Market microstructure: intermediaries and the theory of the firm},
  author={Spulber, Daniel F},
  year={1999},
  publisher={Cambridge University Press}
}

