%% bibliography: Multi-Agent System (MAS)
%% author: Edward J. Xu
%% last-modify: May 4, 2020

@book{shoham2008multiagent,
  title={Multiagent systems: Algorithmic, game-theoretic, and logical foundations},
  author={Shoham, Yoav and Leyton-Brown, Kevin},
  year={2008},
  publisher={Cambridge University Press}
}
