
@Book{xie2015,
  title = {Dynamic Documents with {R} and knitr},
  author = {Yihui Xie},
  publisher = {Chapman and Hall/CRC},
  address = {Boca Raton, Florida},
  year = {2015},
  edition = {2nd},
  note = {ISBN 978-1498716963},
  url = {http://yihui.name/knitr/},
}

%% OR

@book{kochenderfer2015decision,
  title={Decision making under uncertainty: theory and application},
  author={Kochenderfer, Mykel J},
  year={2015},
  publisher={MIT press}
}

@book{williams2013model,
  title={Model building in mathematical programming},
  author={Williams, H Paul},
  year={2013},
  publisher={John Wiley \& Sons}
}

@article{mitridati2019design,
  title={Design and Game-Theoretic Analysis of Community-Based Market Mechanisms in Heat and Electricity Systems},
  author={Mitridati, Lesia and Kazempour, Jalal and Pinson, Pierre},
  journal={Omega},
  pages={102177},
  year={2019},
  publisher={Elsevier}
}

@book{hillier2012introduction,
  title={Introduction to operations research},
  author={Hillier, Frederick S},
  year={2012},
  publisher={Tata McGraw-Hill Education}
}

@book{conejo2010decision,
  title={Decision making under uncertainty in electricity markets},
  author={Conejo, Antonio J and Carri{\'o}n, Miguel and Morales, Juan M and others},
  volume={1},
  year={2010},
  publisher={Springer}
}

@book{morales2013integrating,
  title={Integrating renewables in electricity markets: operational problems},
  author={Morales, Juan M and Conejo, Antonio J and Madsen, Henrik and Pinson, Pierre and Zugno, Marco},
  volume={205},
  year={2013},
  publisher={Springer Science \& Business Media}
}

@book{taylor2015convex,
  title={Convex optimization of power systems},
  author={Taylor, Joshua Adam},
  year={2015},
  publisher={Cambridge University Press}
}

%% Decomposition Algorithms

@article{tebboth2001computational,
  title={A computational study of Dantzig-Wolfe decomposition},
  author={Tebboth, James Richard},
  journal={University of Buckingham},
  year={2001}
}

%% Stochastic Processes

@book{pinsky2010introduction,
  title={An introduction to stochastic modeling},
  author={Pinsky, Mark and Karlin, Samuel},
  year={2010},
  publisher={Academic press}
}

%% GTMD

@misc{wiki:cooperative,
  author = "{Wikipedia contributors}",
  title = "Cooperative game theory --- {Wikipedia}{,} The Free Encyclopedia",
  year = "2020",
  url = "https://en.wikipedia.org/w/index.php?title=Cooperative_game_theory&oldid=951244192",
  note = "[Online; accessed 3-May-2020]"
  }

%% Intermediation

@article{spulber1996market,
  title={Market microstructure and intermediation},
  author={Spulber, Daniel F},
  journal={Journal of Economic perspectives},
  volume={10},
  number={3},
  pages={135--152},
  year={1996}
}

@book{spulber1999market,
  title={Market microstructure: intermediaries and the theory of the firm},
  author={Spulber, Daniel F},
  year={1999},
  publisher={Cambridge University Press}
}

%% Decision Analysis

@book{smith2010bayesian,
  title={Bayesian decision analysis: principles and practice},
  author={Smith, Jim Q},
  year={2010},
  publisher={Cambridge University Press}
}

%% Dynamic Programming

@book{poulsen2012dynamic,
  title={Dynamic Optimization},
  author={Poulsen, Niels Kj{\o}lstad},
  year={2012},
  journal={Technical University of Denmark}
}

@book{boyd2004convex,
  title={Convex optimization},
  author={Boyd, Stephen and Boyd, Stephen P and Vandenberghe, Lieven},
  year={2004},
  publisher={Cambridge university press}
}

@book{morgan2015explanation,
  title={An explanation of constrained optimization for economists},
  author={Morgan, Peter B},
  year={2015},
  publisher={University of Toronto Press}
}
