

%% PSB

@article{ortega2010assessing,
  title={Assessing the impact of wind power generation on operating costs},
  author={Ortega-Vazquez, Miguel A and Kirschen, Daniel S},
  journal={IEEE Transactions on Smart Grid},
  volume={1},
  number={3},
  pages={295--301},
  year={2010},
  publisher={IEEE}
}

@article{haydt2011relevance,
  title={The relevance of the energy resource dynamics in the mid/long-term energy planning models},
  author={Haydt, Gustavo and Leal, V{\'\i}tor and Pina, Andr{\'e} and Silva, Carlos A},
  journal={Renewable energy},
  volume={36},
  number={11},
  pages={3068--3074},
  year={2011},
  publisher={Elsevier}
}

@inproceedings{bouffard2008stochastic,
  title={Stochastic security for operations planning with significant wind power generation},
  author={Bouffard, Francois and Galiana, Francisco D},
  booktitle={2008 IEEE Power and Energy Society General Meeting-Conversion and Delivery of Electrical Energy in the 21st Century},
  pages={1--11},
  year={2008},
  organization={IEEE}
}

@inproceedings{pinson2006quality,
  title={On the quality and value of probabilistic forecasts of wind generation},
  author={Pinson, Pierre and Juban, Jeremie and Kariniotakis, GN},
  booktitle={2006 International Conference on Probabilistic Methods Applied to Power Systems},
  pages={1--7},
  year={2006},
  organization={IEEE}
}

%% UCC

@inproceedings{ma2013evaluating,
  title={Evaluating and planning flexibility in sustainable power systems},
  author={Ma, Juan and Silva, Vera and Belhomme, R{\'e}gine and Kirschen, Daniel S and Ochoa, Luis F},
  booktitle={2013 IEEE power \& energy society general meeting},
  pages={1--11},
  year={2013},
  organization={IEEE}
}
