
%% PSE

@book{morales2013integrating,
  title={Integrating renewables in electricity markets: operational problems},
  author={Morales, Juan M and Conejo, Antonio J and Madsen, Henrik and Pinson, Pierre and Zugno, Marco},
  volume={205},
  year={2013},
  publisher={Springer Science \& Business Media}
}

@book{kirschen2018fundamentals,
  title={Fundamentals of power system economics},
  author={Kirschen, Daniel S and Strbac, Goran},
  year={2018},
  publisher={John Wiley \& Sons}
}

@book{biggar2014economics,
  title={The economics of electricity markets},
  author={Biggar, Darryl R and Hesamzadeh, Mohammad Reza},
  year={2014},
  publisher={John Wiley \& Sons}
}

@book{morales2013integrating,
  title={Integrating renewables in electricity markets: operational problems},
  author={Morales, Juan M and Conejo, Antonio J and Madsen, Henrik and Pinson, Pierre and Zugno, Marco},
  volume={205},
  year={2013},
  publisher={Springer Science \& Business Media}
}
