
@article{pandvzic2013offering,
  title={Offering model for a virtual power plant based on stochastic programming},
  author={Pand{\v{z}}i{\'c}, Hrvoje and Morales, Juan M and Conejo, Antonio J and Kuzle, Igor},
  journal={Applied Energy},
  volume={105},
  pages={282--292},
  year={2013},
  publisher={Elsevier}
}
