
@Book{xie2015,
  title = {Dynamic Documents with {R} and knitr},
  author = {Yihui Xie},
  publisher = {Chapman and Hall/CRC},
  address = {Boca Raton, Florida},
  year = {2015},
  edition = {2nd},
  note = {ISBN 978-1498716963},
  url = {http://yihui.name/knitr/},
}

%% OR

@book{kochenderfer2015decision,
  title={Decision making under uncertainty: theory and application},
  author={Kochenderfer, Mykel J},
  year={2015},
  publisher={MIT press}
}

@article{mitridati2019design,
  title={Design and Game-Theoretic Analysis of Community-Based Market Mechanisms in Heat and Electricity Systems},
  author={Mitridati, Lesia and Kazempour, Jalal and Pinson, Pierre},
  journal={Omega},
  pages={102177},
  year={2019},
  publisher={Elsevier}
}

%% Decomposition Algorithms

@article{tebboth2001computational,
  title={A computational study of Dantzig-Wolfe decomposition},
  author={Tebboth, James Richard},
  journal={University of Buckingham},
  year={2001}
}

%% Stochastic Processes

@book{pinsky2010introduction,
  title={An introduction to stochastic modeling},
  author={Pinsky, Mark and Karlin, Samuel},
  year={2010},
  publisher={Academic press}
}

